<?xml version="1.0" encoding="UTF-8" ?><xb:digital_entity_call xmlns:xb="http://com/exlibris/digitool/repository/api/xmlbeans"><xb:digital_entity><pid>94304</pid><control><label>Štolba_1111.pdf</label><note xsi:nil="true" xmlns:xsi="http://www.w3.org/2001/XMLSchema-instance"/><ingest_id>ing2169</ingest_id><ingest_name>mff_import</ingest_name><entity_type xsi:nil="true" xmlns:xsi="http://www.w3.org/2001/XMLSchema-instance"/><entity_group xsi:nil="true" xmlns:xsi="http://www.w3.org/2001/XMLSchema-instance"/><usage_type>VIEW</usage_type><preservation_level>any</preservation_level><partition_a xsi:nil="true" xmlns:xsi="http://www.w3.org/2001/XMLSchema-instance"/><partition_b>mff</partition_b><partition_c xsi:nil="true" xmlns:xsi="http://www.w3.org/2001/XMLSchema-instance"/><status xsi:nil="true" xmlns:xsi="http://www.w3.org/2001/XMLSchema-instance"/><creation_date>2010-02-10 17:51:29</creation_date><creator>creator:DUVT</creator><modification_date>2019-05-17 10:24:45</modification_date><modified_by>super:DUVT</modified_by><admin_unit>DUR01</admin_unit></control><mds><md shared="false"><mid>167239</mid><description xsi:nil="true" xmlns:xsi="http://www.w3.org/2001/XMLSchema-instance"/><name>changehistory</name><type>changehistory_md</type><value><![CDATA[<xb:history xmlns:xb="http://com/exlibris/digitool/repository/api/xmlbeans"><events><event xmlID="1"><eventIdentifier><eventIdentifierType>INGEST ID</eventIdentifierType><eventIdentifierValue>ing2169</eventIdentifierValue></eventIdentifier><eventType>Technical Metadata Extraction</eventType><eventDateTime>2010-02-10T16:55:33.821+01:00</eventDateTime><eventDetail>Add some metadata to the digital entity using jhove</eventDetail><linkingAgentIdentifier><linkingAgentIdentifierType>software_used</linkingAgentIdentifierType><linkingAgentIdentifierValue>JHove</linkingAgentIdentifierValue></linkingAgentIdentifier></event><event xmlID="2"><eventIdentifier><eventIdentifierType>INGEST ID</eventIdentifierType><eventIdentifierValue>ing2169</eventIdentifierValue></eventIdentifier><eventType>Full Text Extraction</eventType><eventDateTime>2010-02-10T16:58:48.829+01:00</eventDateTime><eventDetail>Making a html index file from pdf file</eventDetail><linkingAgentIdentifier><linkingAgentIdentifierType>software_used</linkingAgentIdentifierType><linkingAgentIdentifierValue>pdftotext</linkingAgentIdentifierValue></linkingAgentIdentifier></event><event xmlID="3"><eventIdentifier><eventIdentifierType>INGEST ID</eventIdentifierType><eventIdentifierValue>ing2169</eventIdentifierValue></eventIdentifier><eventType>Thumbnail Creation</eventType><eventDateTime>2010-02-10T17:48:53.854+01:00</eventDateTime><eventDetail>Making a thumbnail from a pdf file</eventDetail><linkingAgentIdentifier><linkingAgentIdentifierType>software_used</linkingAgentIdentifierType><linkingAgentIdentifierValue>convert</linkingAgentIdentifierValue></linkingAgentIdentifier></event></events></xb:history>]]></value></md><md shared="false"><mid>2306087</mid><description> </description><name>descriptive</name><type>marc</type><value><![CDATA[<record xmlns="http://www.loc.gov/MARC21/slim" xmlns:xsi="http://www.w3.org/2001/XMLSchema-instance" xsi:schemaLocation="http://www.loc.gov/MARC21/slim http://www.loc.gov/standards/marcxml/schema/MARC21slim.xsd"><leader>03648ntm a2200433 i 4500</leader><controlfield tag="001">001030804</controlfield><controlfield tag="003">CZ PrCU</controlfield><controlfield tag="005">20181031090333.0</controlfield><controlfield tag="008">170412s2008    xr      r           cze d</controlfield><datafield tag="040" ind1=" " ind2=" "><subfield code="a">ABD170</subfield><subfield code="b">cze</subfield><subfield code="e">rda</subfield></datafield><datafield tag="072" ind1=" " ind2="7"><subfield code="a">004.8</subfield><subfield code="x">Umělá inteligence</subfield><subfield code="2">Konspekt</subfield><subfield code="9">23</subfield></datafield><datafield tag="080" ind1=" " ind2=" "><subfield code="a">004.827</subfield><subfield code="2">v</subfield></datafield><datafield tag="100" ind1="1" ind2=" "><subfield code="a">Štolba, Michal</subfield><subfield code="4">dis</subfield></datafield><datafield tag="245" ind1="1" ind2="0"><subfield code="a">Rozhodovací pravidla pro projekt Pogamut 2 /</subfield><subfield code="c">Michal Štolba ; vedoucí práce Cyril Brom ; oponent práce Ondřej Sýkora</subfield></datafield><datafield tag="246" ind1="3" ind2="3"><subfield code="a">Production rules for the project Pogamut 2</subfield></datafield><datafield tag="300" ind1=" " ind2=" "><subfield code="a">44 s.</subfield><subfield code="b">tab., obr., graf. +</subfield><subfield code="e">1 CD</subfield></datafield><datafield tag="500" ind1=" " ind2=" "><subfield code="a">Datum obhajoby: 09-09-2008</subfield></datafield><datafield tag="502" ind1=" " ind2=" "><subfield code="a">Bakalářská práce (Bc.)--Univerzita Karlova. Matematicko-fyzikální fakulta, 2008</subfield></datafield><datafield tag="520" ind1=" " ind2=" "><subfield code="a">Projekt Pogamut 2 umožňuje rychlou tvorbu chování agentů v komplexním prostředí hry Unreal Tournament 2004. Původní systém pro řízení rozhodovacími pravidly (POSH) byl nyní doplněn o systém pro řízení fuzzy rozhodovacími pravidly. Cílem práce bylo zvolit vhodný fuzzy systém, zjistit jakým způsobem je možné takový systém do projektu připojit a také zjistit jaké možnosti a jaké obtíže použití fuzzy pravidel přináší. Tato práce seznamuje s teoretickými východisky, jejich aplikací, navrženou architekturou, její částečnou implementací a s příkladem agenta řízeného implementovaným fuzzy systémem, jehož funkčnost byla ověřena několika experimenty. Tato práce má rovněž sloužit jako podklad pro další rozšíření, zejména plnou implementaci navržené architektury, vytvoření uživatelského rozhraní jako součásti IDE projektu Pogamut 2, a pro širší možnosti experimentů s agenty řízenými fuzzy rozhodovacími pravidly.</subfield><subfield code="b">Plný text abstraktu naleznete v Repozitáři závěrečných prací UK</subfield><subfield code="8">cze</subfield></datafield><datafield tag="520" ind1=" " ind2=" "><subfield code="a">The project Pogamut 2 provides a possibility of fast prototyping of agent behaviours in a complex envirorment of the Unreal Tournament 2004 computer game. A fuzzy rule based system was introduced to be used beside the POSH rule based system, which was already a part of the project. Aiming to find out how exactly is it possible to add such system and what possibilities or complications it brings, this thesis presents the theoretical presumptions, their application, a design of an architecture, it&apos;s partial implementation and an example of agent controlled by the implemented fuzzy system. The agent&apos;s functionality was proved by several experiments. This thesis should also be a basement for furher work, such as full implementation of presented architecture, adding an user interface integrated within Pogamut IDE, and for wider possibilities of experimenting with the fuzzy agents.</subfield><subfield code="b">Full text of the abstract is available in the Thesis Repository of CU</subfield><subfield code="8">eng</subfield></datafield><datafield tag="526" ind1="8" ind2=" "><subfield code="a">Obecná informatika</subfield></datafield><datafield tag="526" ind1="8" ind2="1"><subfield code="a">Informatika</subfield></datafield><datafield tag="586" ind1=" " ind2=" "><subfield code="a">Výsledné hodnocení: Výborně</subfield></datafield><datafield tag="650" ind1="0" ind2="7"><subfield code="a">Umělá inteligence</subfield><subfield code="x">68T</subfield><subfield code="2">mff</subfield></datafield><datafield tag="655" ind1=" " ind2="7"><subfield code="a">bakalářské práce</subfield><subfield code="7">fd132403</subfield><subfield code="2">czenas</subfield></datafield><datafield tag="700" ind1="1" ind2=" "><subfield code="a">Brom, Cyril,</subfield><subfield code="d">1978-</subfield><subfield code="7">xx0228638</subfield><subfield code="4">ths</subfield></datafield><datafield tag="710" ind1="2" ind2=" "><subfield code="a">Univerzita Karlova.</subfield><subfield code="b">Kabinet software a výuky informatiky</subfield><subfield code="4">dgg</subfield></datafield><datafield tag="850" ind1=" " ind2=" "><subfield code="a">MFF</subfield></datafield><datafield tag="856" ind1="4" ind2="1"><subfield code="u">https://is.cuni.cz/webapps/zzp/detail/49598</subfield><subfield code="y">Zobrazení plného textu (Repozitář závěrečných prací UK)</subfield></datafield><datafield tag="264" ind1=" " ind2="0"><subfield code="c">2008</subfield></datafield><datafield tag="336" ind1=" " ind2=" "><subfield code="a">text</subfield><subfield code="b">txt</subfield><subfield code="2">rdacontent</subfield></datafield><datafield tag="337" ind1=" " ind2=" "><subfield code="a">počítač</subfield><subfield code="b">c</subfield><subfield code="2">rdamedia</subfield></datafield><datafield tag="338" ind1=" " ind2=" "><subfield code="a">online zdroj</subfield><subfield code="b">cr</subfield><subfield code="2">rdacarrier</subfield></datafield><datafield tag="910" ind1=" " ind2=" "><subfield code="a">ABD170</subfield></datafield><datafield tag="997" ind1=" " ind2=" "><subfield code="a">DS</subfield></datafield><datafield tag="988" ind1=" " ind2=" "><subfield code="a">ER</subfield></datafield><datafield tag="998" ind1=" " ind2=" "><subfield code="a">001030804</subfield></datafield><datafield tag="993" ind1=" " ind2="1"><subfield code="1">MINF</subfield><subfield code="2">INFD</subfield><subfield code="3">IBAK1111</subfield><subfield code="6">GRI/2008/301</subfield><subfield code="5">2560038453</subfield><subfield code="7">Nutno objednat - vytvořte požadavek!</subfield><subfield code="f">21</subfield><subfield code="m">DISER</subfield><subfield code="u">0.00</subfield><subfield code="w">001030804</subfield><subfield code="x">000010</subfield></datafield><datafield tag="993" ind1=" " ind2="1"><subfield code="1">MINF</subfield><subfield code="2">INFD</subfield><subfield code="3">IBAK1111</subfield><subfield code="6">GRI/2008/301</subfield><subfield code="5">2560038454</subfield><subfield code="7">Nutno objednat - vytvořte požadavek!</subfield><subfield code="f">21</subfield><subfield code="h">Přiložené CD</subfield><subfield code="m">DIGIT</subfield><subfield code="u">0.00</subfield><subfield code="w">001030804</subfield><subfield code="x">000020</subfield></datafield><datafield tag="SID" ind1=" " ind2=" "><subfield code="a">Z39</subfield><subfield code="b">CKS01</subfield></datafield><controlfield tag="FMT">BK</controlfield></record>]]></value></md><md shared="false"><mid>2087482</mid><description xsi:nil="true" xmlns:xsi="http://www.w3.org/2001/XMLSchema-instance"/><name>technical</name><type>text_md</type><value><![CDATA[<?xml version="1.0" encoding="UTF-8"?>
<textmd:textMD xmlns:textmd="http://www.loc.gov/METS/" xmlns:jhove="http://hul.harvard.edu/ois/xml/ns/jhove" xmlns:xsi="http://www.w3.org/2001/XMLSchema-instance" xmlns="http://www.loc.gov/METS/" xsi:schemaLocation="http://www.loc.gov/METS http://dlib.nyu.edu/METS/textmd.xsd">
<textmd:encoding QUALITY="1">
<textmd:encoding_software/>
<textmd:encoding_platform linebreak=""/>
<textmd:encoding_software/>
<textmd:encoding_agent role=""/>
</textmd:encoding>
<textmd:character_info>
<textmd:charset/>
<textmd:byte_order/>
<textmd:character_size encoding=""/>
<textmd:linebreak/>
</textmd:character_info>
<textmd:language/>
<textmd:alt_language authority=""/>
<textmd:font_script/>
<textmd:markup_basis version=""/>
<textmd:markup_language version=""/>
<textmd:processingNote/>
<textmd:printRequirements/>
<textmd:textNote/>
<textmd:viewingRequirements/>
<textmd:file>
<textmd:fileSize>889811</textmd:fileSize>
<textmd:checksum>
<textmd:checksumMethod>CRC32</textmd:checksumMethod>
<textmd:checksumValue>b0a30712</textmd:checksumValue>
</textmd:checksum>
<textmd:checksum>
<textmd:checksumMethod>MD5</textmd:checksumMethod>
<textmd:checksumValue>96d04452160d52647d658038beef01ef</textmd:checksumValue>
</textmd:checksum>
<textmd:checksum>
<textmd:checksumMethod>SHA-1</textmd:checksumMethod>
<textmd:checksumValue>6691e76f50d4bc054387a31d0fe8c59c16c2999c</textmd:checksumValue>
</textmd:checksum>
<textmd:mimeType>application/pdf</textmd:mimeType>
<textmd:extension/>
</textmd:file>
</textmd:textMD>
]]></value></md><md shared="false"><mid>259562</mid><description xsi:nil="true" xmlns:xsi="http://www.w3.org/2001/XMLSchema-instance"/><name>preservation</name><type>preservation_md</type><value><![CDATA[<object xmlns="http://www.loc.gov/standards/premis">
  <objectIdentifier>
    <objectIdentifierType>handle</objectIdentifierType>
    <objectIdentifierValue>123.45/11171</objectIdentifierValue>
  </objectIdentifier>
</object>]]></value></md></mds><relations><relation><type>manifestation</type><pid>94894</pid></relation><relation><type>manifestation</type><pid>94798</pid></relation></relations><stream_ref><file_name>94304_Štolba_1111.pdf</file_name><file_extension>pdf</file_extension><mime_type>application/pdf</mime_type><directory_path>/exlibris/dtl/j3_1/digitool/home/system/bin/../../profile/storage/2010/02/10/file_5/94304</directory_path><file_id xsi:nil="true" xmlns:xsi="http://www.w3.org/2001/XMLSchema-instance"/><storage_id>1000</storage_id><external_type>-1</external_type><file_size_bytes>889811</file_size_bytes></stream_ref></xb:digital_entity></xb:digital_entity_call>